%YAML 1.1
%TAG !u! tag:unity3d.com,2011:
--- !u!1 &4918302631699148574
GameObject:
  m_ObjectHideFlags: 0
  m_CorrespondingSourceObject: {fileID: 0}
  m_PrefabInstance: {fileID: 0}
  m_PrefabAsset: {fileID: 0}
  serializedVersion: 6
  m_Component:
  - component: {fileID: 4918302631699148570}
  - component: {fileID: 4918302631699148571}
  - component: {fileID: 4918302631699148572}
  - component: {fileID: 4918302631699148573}
  - component: {fileID: 4918302631699148569}
  m_Layer: 5
  m_Name: FightRoomUI
  m_TagString: Untagged
  m_Icon: {fileID: 0}
  m_NavMeshLayer: 0
  m_StaticEditorFlags: 0
  m_IsActive: 0
--- !u!224 &4918302631699148570
RectTransform:
  m_ObjectHideFlags: 0
  m_CorrespondingSourceObject: {fileID: 0}
  m_PrefabInstance: {fileID: 0}
  m_PrefabAsset: {fileID: 0}
  m_GameObject: {fileID: 4918302631699148574}
  m_LocalRotation: {x: 0, y: 0, z: 0, w: 1}
  m_LocalPosition: {x: 0, y: 0, z: 0}
  m_LocalScale: {x: 0, y: 0, z: 0}
  m_Children:
  - {fileID: 4918302631674657700}
  - {fileID: 4918302631194176647}
  - {fileID: 4918302631456818660}
  m_Father: {fileID: 0}
  m_RootOrder: 0
  m_LocalEulerAnglesHint: {x: 0, y: 0, z: 0}
  m_AnchorMin: {x: 0, y: 0}
  m_AnchorMax: {x: 0, y: 0}
  m_AnchoredPosition: {x: 0, y: 0}
  m_SizeDelta: {x: 0, y: 0}
  m_Pivot: {x: 0, y: 0}
--- !u!223 &4918302631699148571
Canvas:
  m_ObjectHideFlags: 0
  m_CorrespondingSourceObject: {fileID: 0}
  m_PrefabInstance: {fileID: 0}
  m_PrefabAsset: {fileID: 0}
  m_GameObject: {fileID: 4918302631699148574}
  m_Enabled: 1
  serializedVersion: 3
  m_RenderMode: 1
  m_Camera: {fileID: 0}
  m_PlaneDistance: 100
  m_PixelPerfect: 0
  m_ReceivesEvents: 1
  m_OverrideSorting: 0
  m_OverridePixelPerfect: 0
  m_SortingBucketNormalizedSize: 0
  m_AdditionalShaderChannelsFlag: 0
  m_SortingLayerID: -503442747
  m_SortingOrder: 0
  m_TargetDisplay: 0
--- !u!114 &4918302631699148572
MonoBehaviour:
  m_ObjectHideFlags: 0
  m_CorrespondingSourceObject: {fileID: 0}
  m_PrefabInstance: {fileID: 0}
  m_PrefabAsset: {fileID: 0}
  m_GameObject: {fileID: 4918302631699148574}
  m_Enabled: 1
  m_EditorHideFlags: 0
  m_Script: {fileID: 11500000, guid: 0cd44c1031e13a943bb63640046fad76, type: 3}
  m_Name: 
  m_EditorClassIdentifier: 
  m_UiScaleMode: 1
  m_ReferencePixelsPerUnit: 100
  m_ScaleFactor: 0.01
  m_ReferenceResolution: {x: 720, y: 1280}
  m_ScreenMatchMode: 0
  m_MatchWidthOrHeight: 0.5
  m_PhysicalUnit: 3
  m_FallbackScreenDPI: 96
  m_DefaultSpriteDPI: 96
  m_DynamicPixelsPerUnit: 1
--- !u!114 &4918302631699148573
MonoBehaviour:
  m_ObjectHideFlags: 0
  m_CorrespondingSourceObject: {fileID: 0}
  m_PrefabInstance: {fileID: 0}
  m_PrefabAsset: {fileID: 0}
  m_GameObject: {fileID: 4918302631699148574}
  m_Enabled: 1
  m_EditorHideFlags: 0
  m_Script: {fileID: 11500000, guid: dc42784cf147c0c48a680349fa168899, type: 3}
  m_Name: 
  m_EditorClassIdentifier: 
  m_IgnoreReversedGraphics: 1
  m_BlockingObjects: 0
  m_BlockingMask:
    serializedVersion: 2
    m_Bits: 4294967295
--- !u!95 &4918302631699148569
Animator:
  serializedVersion: 3
  m_ObjectHideFlags: 0
  m_CorrespondingSourceObject: {fileID: 0}
  m_PrefabInstance: {fileID: 0}
  m_PrefabAsset: {fileID: 0}
  m_GameObject: {fileID: 4918302631699148574}
  m_Enabled: 1
  m_Avatar: {fileID: 0}
  m_Controller: {fileID: 9100000, guid: a2bedc8e275704860adc50863a1f8c0e, type: 2}
  m_CullingMode: 0
  m_UpdateMode: 0
  m_ApplyRootMotion: 0
  m_LinearVelocityBlending: 0
  m_WarningMessage: 
  m_HasTransformHierarchy: 1
  m_AllowConstantClipSamplingOptimization: 1
  m_KeepAnimatorControllerStateOnDisable: 0
--- !u!1001 &4830470641510392068
PrefabInstance:
  m_ObjectHideFlags: 0
  serializedVersion: 2
  m_Modification:
    m_TransformParent: {fileID: 4918302631699148570}
    m_Modifications:
    - target: {fileID: 524692840412112096, guid: edf5d758443f4414498b6b678ccfa708,
        type: 3}
      propertyPath: m_LocalPosition.x
      value: 0
      objectReference: {fileID: 0}
    - target: {fileID: 524692840412112096, guid: edf5d758443f4414498b6b678ccfa708,
        type: 3}
      propertyPath: m_LocalPosition.y
      value: 0
      objectReference: {fileID: 0}
    - target: {fileID: 524692840412112096, guid: edf5d758443f4414498b6b678ccfa708,
        type: 3}
      propertyPath: m_LocalPosition.z
      value: 0
      objectReference: {fileID: 0}
    - target: {fileID: 524692840412112096, guid: edf5d758443f4414498b6b678ccfa708,
        type: 3}
      propertyPath: m_LocalRotation.x
      value: 0
      objectReference: {fileID: 0}
    - target: {fileID: 524692840412112096, guid: edf5d758443f4414498b6b678ccfa708,
        type: 3}
      propertyPath: m_LocalRotation.y
      value: 0
      objectReference: {fileID: 0}
    - target: {fileID: 524692840412112096, guid: edf5d758443f4414498b6b678ccfa708,
        type: 3}
      propertyPath: m_LocalRotation.z
      value: 0
      objectReference: {fileID: 0}
    - target: {fileID: 524692840412112096, guid: edf5d758443f4414498b6b678ccfa708,
        type: 3}
      propertyPath: m_LocalRotation.w
      value: 1
      objectReference: {fileID: 0}
    - target: {fileID: 524692840412112096, guid: edf5d758443f4414498b6b678ccfa708,
        type: 3}
      propertyPath: m_RootOrder
      value: 2
      objectReference: {fileID: 0}
    - target: {fileID: 524692840412112096, guid: edf5d758443f4414498b6b678ccfa708,
        type: 3}
      propertyPath: m_LocalEulerAnglesHint.x
      value: 0
      objectReference: {fileID: 0}
    - target: {fileID: 524692840412112096, guid: edf5d758443f4414498b6b678ccfa708,
        type: 3}
      propertyPath: m_LocalEulerAnglesHint.y
      value: 0
      objectReference: {fileID: 0}
    - target: {fileID: 524692840412112096, guid: edf5d758443f4414498b6b678ccfa708,
        type: 3}
      propertyPath: m_LocalEulerAnglesHint.z
      value: 0
      objectReference: {fileID: 0}
    - target: {fileID: 524692840412112096, guid: edf5d758443f4414498b6b678ccfa708,
        type: 3}
      propertyPath: m_AnchoredPosition.x
      value: 0
      objectReference: {fileID: 0}
    - target: {fileID: 524692840412112096, guid: edf5d758443f4414498b6b678ccfa708,
        type: 3}
      propertyPath: m_AnchoredPosition.y
      value: 75
      objectReference: {fileID: 0}
    - target: {fileID: 524692840412112096, guid: edf5d758443f4414498b6b678ccfa708,
        type: 3}
      propertyPath: m_SizeDelta.x
      value: 740
      objectReference: {fileID: 0}
    - target: {fileID: 524692840412112096, guid: edf5d758443f4414498b6b678ccfa708,
        type: 3}
      propertyPath: m_SizeDelta.y
      value: 150
      objectReference: {fileID: 0}
    - target: {fileID: 524692840412112096, guid: edf5d758443f4414498b6b678ccfa708,
        type: 3}
      propertyPath: m_AnchorMin.x
      value: 0.5
      objectReference: {fileID: 0}
    - target: {fileID: 524692840412112096, guid: edf5d758443f4414498b6b678ccfa708,
        type: 3}
      propertyPath: m_AnchorMin.y
      value: 0
      objectReference: {fileID: 0}
    - target: {fileID: 524692840412112096, guid: edf5d758443f4414498b6b678ccfa708,
        type: 3}
      propertyPath: m_AnchorMax.x
      value: 0.5
      objectReference: {fileID: 0}
    - target: {fileID: 524692840412112096, guid: edf5d758443f4414498b6b678ccfa708,
        type: 3}
      propertyPath: m_AnchorMax.y
      value: 0
      objectReference: {fileID: 0}
    - target: {fileID: 524692840412112096, guid: edf5d758443f4414498b6b678ccfa708,
        type: 3}
      propertyPath: m_Pivot.x
      value: 0.5
      objectReference: {fileID: 0}
    - target: {fileID: 524692840412112096, guid: edf5d758443f4414498b6b678ccfa708,
        type: 3}
      propertyPath: m_Pivot.y
      value: 0.5
      objectReference: {fileID: 0}
    - target: {fileID: 524692840412112097, guid: edf5d758443f4414498b6b678ccfa708,
        type: 3}
      propertyPath: m_Name
      value: SpellsHandBackground
      objectReference: {fileID: 0}
    m_RemovedComponents: []
  m_SourcePrefab: {fileID: 100100000, guid: edf5d758443f4414498b6b678ccfa708, type: 3}
--- !u!224 &4918302631456818660 stripped
RectTransform:
  m_CorrespondingSourceObject: {fileID: 524692840412112096, guid: edf5d758443f4414498b6b678ccfa708,
    type: 3}
  m_PrefabInstance: {fileID: 4830470641510392068}
  m_PrefabAsset: {fileID: 0}
--- !u!1001 &4918302630119731082
PrefabInstance:
  m_ObjectHideFlags: 0
  serializedVersion: 2
  m_Modification:
    m_TransformParent: {fileID: 4918302631456818660}
    m_Modifications:
    - target: {fileID: 942208204417925085, guid: 5d647e99875bc48f2b1618bd30bbfbfc,
        type: 3}
      propertyPath: m_LocalPosition.x
      value: 0
      objectReference: {fileID: 0}
    - target: {fileID: 942208204417925085, guid: 5d647e99875bc48f2b1618bd30bbfbfc,
        type: 3}
      propertyPath: m_LocalPosition.y
      value: 0
      objectReference: {fileID: 0}
    - target: {fileID: 942208204417925085, guid: 5d647e99875bc48f2b1618bd30bbfbfc,
        type: 3}
      propertyPath: m_LocalPosition.z
      value: 0
      objectReference: {fileID: 0}
    - target: {fileID: 942208204417925085, guid: 5d647e99875bc48f2b1618bd30bbfbfc,
        type: 3}
      propertyPath: m_LocalRotation.x
      value: 0
      objectReference: {fileID: 0}
    - target: {fileID: 942208204417925085, guid: 5d647e99875bc48f2b1618bd30bbfbfc,
        type: 3}
      propertyPath: m_LocalRotation.y
      value: 0
      objectReference: {fileID: 0}
    - target: {fileID: 942208204417925085, guid: 5d647e99875bc48f2b1618bd30bbfbfc,
        type: 3}
      propertyPath: m_LocalRotation.z
      value: 0
      objectReference: {fileID: 0}
    - target: {fileID: 942208204417925085, guid: 5d647e99875bc48f2b1618bd30bbfbfc,
        type: 3}
      propertyPath: m_LocalRotation.w
      value: 1
      objectReference: {fileID: 0}
    - target: {fileID: 942208204417925085, guid: 5d647e99875bc48f2b1618bd30bbfbfc,
        type: 3}
      propertyPath: m_RootOrder
      value: 2
      objectReference: {fileID: 0}
    - target: {fileID: 942208204417925085, guid: 5d647e99875bc48f2b1618bd30bbfbfc,
        type: 3}
      propertyPath: m_LocalEulerAnglesHint.x
      value: 0
      objectReference: {fileID: 0}
    - target: {fileID: 942208204417925085, guid: 5d647e99875bc48f2b1618bd30bbfbfc,
        type: 3}
      propertyPath: m_LocalEulerAnglesHint.y
      value: 0
      objectReference: {fileID: 0}
    - target: {fileID: 942208204417925085, guid: 5d647e99875bc48f2b1618bd30bbfbfc,
        type: 3}
      propertyPath: m_LocalEulerAnglesHint.z
      value: 0
      objectReference: {fileID: 0}
    - target: {fileID: 942208204417925085, guid: 5d647e99875bc48f2b1618bd30bbfbfc,
        type: 3}
      propertyPath: m_AnchoredPosition.x
      value: 90
      objectReference: {fileID: 0}
    - target: {fileID: 942208204417925085, guid: 5d647e99875bc48f2b1618bd30bbfbfc,
        type: 3}
      propertyPath: m_AnchoredPosition.y
      value: 0
      objectReference: {fileID: 0}
    - target: {fileID: 942208204417925085, guid: 5d647e99875bc48f2b1618bd30bbfbfc,
        type: 3}
      propertyPath: m_SizeDelta.x
      value: 100
      objectReference: {fileID: 0}
    - target: {fileID: 942208204417925085, guid: 5d647e99875bc48f2b1618bd30bbfbfc,
        type: 3}
      propertyPath: m_SizeDelta.y
      value: 100
      objectReference: {fileID: 0}
    - target: {fileID: 942208204417925085, guid: 5d647e99875bc48f2b1618bd30bbfbfc,
        type: 3}
      propertyPath: m_AnchorMin.x
      value: 0.5
      objectReference: {fileID: 0}
    - target: {fileID: 942208204417925085, guid: 5d647e99875bc48f2b1618bd30bbfbfc,
        type: 3}
      propertyPath: m_AnchorMin.y
      value: 0.5
      objectReference: {fileID: 0}
    - target: {fileID: 942208204417925085, guid: 5d647e99875bc48f2b1618bd30bbfbfc,
        type: 3}
      propertyPath: m_AnchorMax.x
      value: 0.5
      objectReference: {fileID: 0}
    - target: {fileID: 942208204417925085, guid: 5d647e99875bc48f2b1618bd30bbfbfc,
        type: 3}
      propertyPath: m_AnchorMax.y
      value: 0.5
      objectReference: {fileID: 0}
    - target: {fileID: 942208204417925085, guid: 5d647e99875bc48f2b1618bd30bbfbfc,
        type: 3}
      propertyPath: m_Pivot.x
      value: 0.5
      objectReference: {fileID: 0}
    - target: {fileID: 942208204417925085, guid: 5d647e99875bc48f2b1618bd30bbfbfc,
        type: 3}
      propertyPath: m_Pivot.y
      value: 0.5
      objectReference: {fileID: 0}
    - target: {fileID: 942208204417925086, guid: 5d647e99875bc48f2b1618bd30bbfbfc,
        type: 3}
      propertyPath: m_Name
      value: SpellSlot (2)
      objectReference: {fileID: 0}
    m_RemovedComponents: []
  m_SourcePrefab: {fileID: 100100000, guid: 5d647e99875bc48f2b1618bd30bbfbfc, type: 3}
--- !u!1001 &4918302630580913634
PrefabInstance:
  m_ObjectHideFlags: 0
  serializedVersion: 2
  m_Modification:
    m_TransformParent: {fileID: 4918302631456818660}
    m_Modifications:
    - target: {fileID: 942208204417925085, guid: 5d647e99875bc48f2b1618bd30bbfbfc,
        type: 3}
      propertyPath: m_LocalPosition.x
      value: 0
      objectReference: {fileID: 0}
    - target: {fileID: 942208204417925085, guid: 5d647e99875bc48f2b1618bd30bbfbfc,
        type: 3}
      propertyPath: m_LocalPosition.y
      value: 0
      objectReference: {fileID: 0}
    - target: {fileID: 942208204417925085, guid: 5d647e99875bc48f2b1618bd30bbfbfc,
        type: 3}
      propertyPath: m_LocalPosition.z
      value: 0
      objectReference: {fileID: 0}
    - target: {fileID: 942208204417925085, guid: 5d647e99875bc48f2b1618bd30bbfbfc,
        type: 3}
      propertyPath: m_LocalRotation.x
      value: 0
      objectReference: {fileID: 0}
    - target: {fileID: 942208204417925085, guid: 5d647e99875bc48f2b1618bd30bbfbfc,
        type: 3}
      propertyPath: m_LocalRotation.y
      value: 0
      objectReference: {fileID: 0}
    - target: {fileID: 942208204417925085, guid: 5d647e99875bc48f2b1618bd30bbfbfc,
        type: 3}
      propertyPath: m_LocalRotation.z
      value: 0
      objectReference: {fileID: 0}
    - target: {fileID: 942208204417925085, guid: 5d647e99875bc48f2b1618bd30bbfbfc,
        type: 3}
      propertyPath: m_LocalRotation.w
      value: 1
      objectReference: {fileID: 0}
    - target: {fileID: 942208204417925085, guid: 5d647e99875bc48f2b1618bd30bbfbfc,
        type: 3}
      propertyPath: m_RootOrder
      value: 1
      objectReference: {fileID: 0}
    - target: {fileID: 942208204417925085, guid: 5d647e99875bc48f2b1618bd30bbfbfc,
        type: 3}
      propertyPath: m_LocalEulerAnglesHint.x
      value: 0
      objectReference: {fileID: 0}
    - target: {fileID: 942208204417925085, guid: 5d647e99875bc48f2b1618bd30bbfbfc,
        type: 3}
      propertyPath: m_LocalEulerAnglesHint.y
      value: 0
      objectReference: {fileID: 0}
    - target: {fileID: 942208204417925085, guid: 5d647e99875bc48f2b1618bd30bbfbfc,
        type: 3}
      propertyPath: m_LocalEulerAnglesHint.z
      value: 0
      objectReference: {fileID: 0}
    - target: {fileID: 942208204417925085, guid: 5d647e99875bc48f2b1618bd30bbfbfc,
        type: 3}
      propertyPath: m_AnchoredPosition.x
      value: -90
      objectReference: {fileID: 0}
    - target: {fileID: 942208204417925085, guid: 5d647e99875bc48f2b1618bd30bbfbfc,
        type: 3}
      propertyPath: m_AnchoredPosition.y
      value: 0
      objectReference: {fileID: 0}
    - target: {fileID: 942208204417925085, guid: 5d647e99875bc48f2b1618bd30bbfbfc,
        type: 3}
      propertyPath: m_SizeDelta.x
      value: 100
      objectReference: {fileID: 0}
    - target: {fileID: 942208204417925085, guid: 5d647e99875bc48f2b1618bd30bbfbfc,
        type: 3}
      propertyPath: m_SizeDelta.y
      value: 100
      objectReference: {fileID: 0}
    - target: {fileID: 942208204417925085, guid: 5d647e99875bc48f2b1618bd30bbfbfc,
        type: 3}
      propertyPath: m_AnchorMin.x
      value: 0.5
      objectReference: {fileID: 0}
    - target: {fileID: 942208204417925085, guid: 5d647e99875bc48f2b1618bd30bbfbfc,
        type: 3}
      propertyPath: m_AnchorMin.y
      value: 0.5
      objectReference: {fileID: 0}
    - target: {fileID: 942208204417925085, guid: 5d647e99875bc48f2b1618bd30bbfbfc,
        type: 3}
      propertyPath: m_AnchorMax.x
      value: 0.5
      objectReference: {fileID: 0}
    - target: {fileID: 942208204417925085, guid: 5d647e99875bc48f2b1618bd30bbfbfc,
        type: 3}
      propertyPath: m_AnchorMax.y
      value: 0.5
      objectReference: {fileID: 0}
    - target: {fileID: 942208204417925085, guid: 5d647e99875bc48f2b1618bd30bbfbfc,
        type: 3}
      propertyPath: m_Pivot.x
      value: 0.5
      objectReference: {fileID: 0}
    - target: {fileID: 942208204417925085, guid: 5d647e99875bc48f2b1618bd30bbfbfc,
        type: 3}
      propertyPath: m_Pivot.y
      value: 0.5
      objectReference: {fileID: 0}
    - target: {fileID: 942208204417925086, guid: 5d647e99875bc48f2b1618bd30bbfbfc,
        type: 3}
      propertyPath: m_Name
      value: SpellSlot (1)
      objectReference: {fileID: 0}
    m_RemovedComponents:
    - {fileID: 942208204417925057, guid: 5d647e99875bc48f2b1618bd30bbfbfc, type: 3}
    - {fileID: 942208204417925058, guid: 5d647e99875bc48f2b1618bd30bbfbfc, type: 3}
    - {fileID: 942208204417925057, guid: 5d647e99875bc48f2b1618bd30bbfbfc, type: 3}
    - {fileID: 942208204417925057, guid: 5d647e99875bc48f2b1618bd30bbfbfc, type: 3}
    - {fileID: 942208204417925057, guid: 5d647e99875bc48f2b1618bd30bbfbfc, type: 3}
    - {fileID: 942208204417925058, guid: 5d647e99875bc48f2b1618bd30bbfbfc, type: 3}
    - {fileID: 942208204417925058, guid: 5d647e99875bc48f2b1618bd30bbfbfc, type: 3}
    - {fileID: 942208204417925058, guid: 5d647e99875bc48f2b1618bd30bbfbfc, type: 3}
  m_SourcePrefab: {fileID: 100100000, guid: 5d647e99875bc48f2b1618bd30bbfbfc, type: 3}
--- !u!1001 &4918302631971275831
PrefabInstance:
  m_ObjectHideFlags: 0
  serializedVersion: 2
  m_Modification:
    m_TransformParent: {fileID: 4918302631456818660}
    m_Modifications:
    - target: {fileID: 942208204417925085, guid: 5d647e99875bc48f2b1618bd30bbfbfc,
        type: 3}
      propertyPath: m_LocalPosition.x
      value: 0
      objectReference: {fileID: 0}
    - target: {fileID: 942208204417925085, guid: 5d647e99875bc48f2b1618bd30bbfbfc,
        type: 3}
      propertyPath: m_LocalPosition.y
      value: 0
      objectReference: {fileID: 0}
    - target: {fileID: 942208204417925085, guid: 5d647e99875bc48f2b1618bd30bbfbfc,
        type: 3}
      propertyPath: m_LocalPosition.z
      value: 0
      objectReference: {fileID: 0}
    - target: {fileID: 942208204417925085, guid: 5d647e99875bc48f2b1618bd30bbfbfc,
        type: 3}
      propertyPath: m_LocalRotation.x
      value: 0
      objectReference: {fileID: 0}
    - target: {fileID: 942208204417925085, guid: 5d647e99875bc48f2b1618bd30bbfbfc,
        type: 3}
      propertyPath: m_LocalRotation.y
      value: 0
      objectReference: {fileID: 0}
    - target: {fileID: 942208204417925085, guid: 5d647e99875bc48f2b1618bd30bbfbfc,
        type: 3}
      propertyPath: m_LocalRotation.z
      value: 0
      objectReference: {fileID: 0}
    - target: {fileID: 942208204417925085, guid: 5d647e99875bc48f2b1618bd30bbfbfc,
        type: 3}
      propertyPath: m_LocalRotation.w
      value: 1
      objectReference: {fileID: 0}
    - target: {fileID: 942208204417925085, guid: 5d647e99875bc48f2b1618bd30bbfbfc,
        type: 3}
      propertyPath: m_RootOrder
      value: 3
      objectReference: {fileID: 0}
    - target: {fileID: 942208204417925085, guid: 5d647e99875bc48f2b1618bd30bbfbfc,
        type: 3}
      propertyPath: m_LocalEulerAnglesHint.x
      value: 0
      objectReference: {fileID: 0}
    - target: {fileID: 942208204417925085, guid: 5d647e99875bc48f2b1618bd30bbfbfc,
        type: 3}
      propertyPath: m_LocalEulerAnglesHint.y
      value: 0
      objectReference: {fileID: 0}
    - target: {fileID: 942208204417925085, guid: 5d647e99875bc48f2b1618bd30bbfbfc,
        type: 3}
      propertyPath: m_LocalEulerAnglesHint.z
      value: 0
      objectReference: {fileID: 0}
    - target: {fileID: 942208204417925085, guid: 5d647e99875bc48f2b1618bd30bbfbfc,
        type: 3}
      propertyPath: m_AnchoredPosition.x
      value: 280
      objectReference: {fileID: 0}
    - target: {fileID: 942208204417925085, guid: 5d647e99875bc48f2b1618bd30bbfbfc,
        type: 3}
      propertyPath: m_AnchoredPosition.y
      value: 0
      objectReference: {fileID: 0}
    - target: {fileID: 942208204417925085, guid: 5d647e99875bc48f2b1618bd30bbfbfc,
        type: 3}
      propertyPath: m_SizeDelta.x
      value: 100
      objectReference: {fileID: 0}
    - target: {fileID: 942208204417925085, guid: 5d647e99875bc48f2b1618bd30bbfbfc,
        type: 3}
      propertyPath: m_SizeDelta.y
      value: 100
      objectReference: {fileID: 0}
    - target: {fileID: 942208204417925085, guid: 5d647e99875bc48f2b1618bd30bbfbfc,
        type: 3}
      propertyPath: m_AnchorMin.x
      value: 0.5
      objectReference: {fileID: 0}
    - target: {fileID: 942208204417925085, guid: 5d647e99875bc48f2b1618bd30bbfbfc,
        type: 3}
      propertyPath: m_AnchorMin.y
      value: 0.5
      objectReference: {fileID: 0}
    - target: {fileID: 942208204417925085, guid: 5d647e99875bc48f2b1618bd30bbfbfc,
        type: 3}
      propertyPath: m_AnchorMax.x
      value: 0.5
      objectReference: {fileID: 0}
    - target: {fileID: 942208204417925085, guid: 5d647e99875bc48f2b1618bd30bbfbfc,
        type: 3}
      propertyPath: m_AnchorMax.y
      value: 0.5
      objectReference: {fileID: 0}
    - target: {fileID: 942208204417925085, guid: 5d647e99875bc48f2b1618bd30bbfbfc,
        type: 3}
      propertyPath: m_Pivot.x
      value: 0.5
      objectReference: {fileID: 0}
    - target: {fileID: 942208204417925085, guid: 5d647e99875bc48f2b1618bd30bbfbfc,
        type: 3}
      propertyPath: m_Pivot.y
      value: 0.5
      objectReference: {fileID: 0}
    - target: {fileID: 942208204417925086, guid: 5d647e99875bc48f2b1618bd30bbfbfc,
        type: 3}
      propertyPath: m_Name
      value: SpellSlot (3)
      objectReference: {fileID: 0}
    m_RemovedComponents: []
  m_SourcePrefab: {fileID: 100100000, guid: 5d647e99875bc48f2b1618bd30bbfbfc, type: 3}
--- !u!1001 &5283346274914228532
PrefabInstance:
  m_ObjectHideFlags: 0
  serializedVersion: 2
  m_Modification:
    m_TransformParent: {fileID: 4918302631456818660}
    m_Modifications:
    - target: {fileID: 942208204417925085, guid: 5d647e99875bc48f2b1618bd30bbfbfc,
        type: 3}
      propertyPath: m_LocalPosition.x
      value: 0
      objectReference: {fileID: 0}
    - target: {fileID: 942208204417925085, guid: 5d647e99875bc48f2b1618bd30bbfbfc,
        type: 3}
      propertyPath: m_LocalPosition.y
      value: 0
      objectReference: {fileID: 0}
    - target: {fileID: 942208204417925085, guid: 5d647e99875bc48f2b1618bd30bbfbfc,
        type: 3}
      propertyPath: m_LocalPosition.z
      value: 0
      objectReference: {fileID: 0}
    - target: {fileID: 942208204417925085, guid: 5d647e99875bc48f2b1618bd30bbfbfc,
        type: 3}
      propertyPath: m_LocalRotation.x
      value: 0
      objectReference: {fileID: 0}
    - target: {fileID: 942208204417925085, guid: 5d647e99875bc48f2b1618bd30bbfbfc,
        type: 3}
      propertyPath: m_LocalRotation.y
      value: 0
      objectReference: {fileID: 0}
    - target: {fileID: 942208204417925085, guid: 5d647e99875bc48f2b1618bd30bbfbfc,
        type: 3}
      propertyPath: m_LocalRotation.z
      value: 0
      objectReference: {fileID: 0}
    - target: {fileID: 942208204417925085, guid: 5d647e99875bc48f2b1618bd30bbfbfc,
        type: 3}
      propertyPath: m_LocalRotation.w
      value: 1
      objectReference: {fileID: 0}
    - target: {fileID: 942208204417925085, guid: 5d647e99875bc48f2b1618bd30bbfbfc,
        type: 3}
      propertyPath: m_RootOrder
      value: 0
      objectReference: {fileID: 0}
    - target: {fileID: 942208204417925085, guid: 5d647e99875bc48f2b1618bd30bbfbfc,
        type: 3}
      propertyPath: m_LocalEulerAnglesHint.x
      value: 0
      objectReference: {fileID: 0}
    - target: {fileID: 942208204417925085, guid: 5d647e99875bc48f2b1618bd30bbfbfc,
        type: 3}
      propertyPath: m_LocalEulerAnglesHint.y
      value: 0
      objectReference: {fileID: 0}
    - target: {fileID: 942208204417925085, guid: 5d647e99875bc48f2b1618bd30bbfbfc,
        type: 3}
      propertyPath: m_LocalEulerAnglesHint.z
      value: 0
      objectReference: {fileID: 0}
    - target: {fileID: 942208204417925085, guid: 5d647e99875bc48f2b1618bd30bbfbfc,
        type: 3}
      propertyPath: m_AnchoredPosition.x
      value: -280
      objectReference: {fileID: 0}
    - target: {fileID: 942208204417925085, guid: 5d647e99875bc48f2b1618bd30bbfbfc,
        type: 3}
      propertyPath: m_AnchoredPosition.y
      value: 0
      objectReference: {fileID: 0}
    - target: {fileID: 942208204417925085, guid: 5d647e99875bc48f2b1618bd30bbfbfc,
        type: 3}
      propertyPath: m_SizeDelta.x
      value: 100
      objectReference: {fileID: 0}
    - target: {fileID: 942208204417925085, guid: 5d647e99875bc48f2b1618bd30bbfbfc,
        type: 3}
      propertyPath: m_SizeDelta.y
      value: 100
      objectReference: {fileID: 0}
    - target: {fileID: 942208204417925085, guid: 5d647e99875bc48f2b1618bd30bbfbfc,
        type: 3}
      propertyPath: m_AnchorMin.x
      value: 0.5
      objectReference: {fileID: 0}
    - target: {fileID: 942208204417925085, guid: 5d647e99875bc48f2b1618bd30bbfbfc,
        type: 3}
      propertyPath: m_AnchorMin.y
      value: 0.5
      objectReference: {fileID: 0}
    - target: {fileID: 942208204417925085, guid: 5d647e99875bc48f2b1618bd30bbfbfc,
        type: 3}
      propertyPath: m_AnchorMax.x
      value: 0.5
      objectReference: {fileID: 0}
    - target: {fileID: 942208204417925085, guid: 5d647e99875bc48f2b1618bd30bbfbfc,
        type: 3}
      propertyPath: m_AnchorMax.y
      value: 0.5
      objectReference: {fileID: 0}
    - target: {fileID: 942208204417925085, guid: 5d647e99875bc48f2b1618bd30bbfbfc,
        type: 3}
      propertyPath: m_Pivot.x
      value: 0.5
      objectReference: {fileID: 0}
    - target: {fileID: 942208204417925085, guid: 5d647e99875bc48f2b1618bd30bbfbfc,
        type: 3}
      propertyPath: m_Pivot.y
      value: 0.5
      objectReference: {fileID: 0}
    - target: {fileID: 942208204417925086, guid: 5d647e99875bc48f2b1618bd30bbfbfc,
        type: 3}
      propertyPath: m_Name
      value: SpellSlot
      objectReference: {fileID: 0}
    m_RemovedComponents: []
  m_SourcePrefab: {fileID: 100100000, guid: 5d647e99875bc48f2b1618bd30bbfbfc, type: 3}
--- !u!1001 &7592739306380714026
PrefabInstance:
  m_ObjectHideFlags: 0
  serializedVersion: 2
  m_Modification:
    m_TransformParent: {fileID: 4918302631699148570}
    m_Modifications:
    - target: {fileID: 3251464810510015374, guid: c69020a5e51a24a4a8e0e26e867bfeb4,
        type: 3}
      propertyPath: m_LocalPosition.x
      value: 0
      objectReference: {fileID: 0}
    - target: {fileID: 3251464810510015374, guid: c69020a5e51a24a4a8e0e26e867bfeb4,
        type: 3}
      propertyPath: m_LocalPosition.y
      value: 0
      objectReference: {fileID: 0}
    - target: {fileID: 3251464810510015374, guid: c69020a5e51a24a4a8e0e26e867bfeb4,
        type: 3}
      propertyPath: m_LocalPosition.z
      value: 0
      objectReference: {fileID: 0}
    - target: {fileID: 3251464810510015374, guid: c69020a5e51a24a4a8e0e26e867bfeb4,
        type: 3}
      propertyPath: m_LocalRotation.x
      value: 0
      objectReference: {fileID: 0}
    - target: {fileID: 3251464810510015374, guid: c69020a5e51a24a4a8e0e26e867bfeb4,
        type: 3}
      propertyPath: m_LocalRotation.y
      value: 0
      objectReference: {fileID: 0}
    - target: {fileID: 3251464810510015374, guid: c69020a5e51a24a4a8e0e26e867bfeb4,
        type: 3}
      propertyPath: m_LocalRotation.z
      value: 0
      objectReference: {fileID: 0}
    - target: {fileID: 3251464810510015374, guid: c69020a5e51a24a4a8e0e26e867bfeb4,
        type: 3}
      propertyPath: m_LocalRotation.w
      value: 1
      objectReference: {fileID: 0}
    - target: {fileID: 3251464810510015374, guid: c69020a5e51a24a4a8e0e26e867bfeb4,
        type: 3}
      propertyPath: m_RootOrder
      value: 0
      objectReference: {fileID: 0}
    - target: {fileID: 3251464810510015374, guid: c69020a5e51a24a4a8e0e26e867bfeb4,
        type: 3}
      propertyPath: m_LocalEulerAnglesHint.x
      value: 0
      objectReference: {fileID: 0}
    - target: {fileID: 3251464810510015374, guid: c69020a5e51a24a4a8e0e26e867bfeb4,
        type: 3}
      propertyPath: m_LocalEulerAnglesHint.y
      value: 0
      objectReference: {fileID: 0}
    - target: {fileID: 3251464810510015374, guid: c69020a5e51a24a4a8e0e26e867bfeb4,
        type: 3}
      propertyPath: m_LocalEulerAnglesHint.z
      value: 0
      objectReference: {fileID: 0}
    - target: {fileID: 3251464810510015374, guid: c69020a5e51a24a4a8e0e26e867bfeb4,
        type: 3}
      propertyPath: m_AnchoredPosition.x
      value: 60
      objectReference: {fileID: 0}
    - target: {fileID: 3251464810510015374, guid: c69020a5e51a24a4a8e0e26e867bfeb4,
        type: 3}
      propertyPath: m_AnchoredPosition.y
      value: 240
      objectReference: {fileID: 0}
    - target: {fileID: 3251464810510015374, guid: c69020a5e51a24a4a8e0e26e867bfeb4,
        type: 3}
      propertyPath: m_SizeDelta.x
      value: 100
      objectReference: {fileID: 0}
    - target: {fileID: 3251464810510015374, guid: c69020a5e51a24a4a8e0e26e867bfeb4,
        type: 3}
      propertyPath: m_SizeDelta.y
      value: 100
      objectReference: {fileID: 0}
    - target: {fileID: 3251464810510015374, guid: c69020a5e51a24a4a8e0e26e867bfeb4,
        type: 3}
      propertyPath: m_AnchorMin.x
      value: 0
      objectReference: {fileID: 0}
    - target: {fileID: 3251464810510015374, guid: c69020a5e51a24a4a8e0e26e867bfeb4,
        type: 3}
      propertyPath: m_AnchorMin.y
      value: 0
      objectReference: {fileID: 0}
    - target: {fileID: 3251464810510015374, guid: c69020a5e51a24a4a8e0e26e867bfeb4,
        type: 3}
      propertyPath: m_AnchorMax.x
      value: 0
      objectReference: {fileID: 0}
    - target: {fileID: 3251464810510015374, guid: c69020a5e51a24a4a8e0e26e867bfeb4,
        type: 3}
      propertyPath: m_AnchorMax.y
      value: 0
      objectReference: {fileID: 0}
    - target: {fileID: 3251464810510015374, guid: c69020a5e51a24a4a8e0e26e867bfeb4,
        type: 3}
      propertyPath: m_Pivot.x
      value: 0.5
      objectReference: {fileID: 0}
    - target: {fileID: 3251464810510015374, guid: c69020a5e51a24a4a8e0e26e867bfeb4,
        type: 3}
      propertyPath: m_Pivot.y
      value: 0.5
      objectReference: {fileID: 0}
    - target: {fileID: 3251464810510015375, guid: c69020a5e51a24a4a8e0e26e867bfeb4,
        type: 3}
      propertyPath: m_Name
      value: PendingSpells
      objectReference: {fileID: 0}
    m_RemovedComponents:
    - {fileID: 3251464810510015370, guid: c69020a5e51a24a4a8e0e26e867bfeb4, type: 3}
    - {fileID: 3251464810510015371, guid: c69020a5e51a24a4a8e0e26e867bfeb4, type: 3}
  m_SourcePrefab: {fileID: 100100000, guid: c69020a5e51a24a4a8e0e26e867bfeb4, type: 3}
--- !u!224 &4918302631674657700 stripped
RectTransform:
  m_CorrespondingSourceObject: {fileID: 3251464810510015374, guid: c69020a5e51a24a4a8e0e26e867bfeb4,
    type: 3}
  m_PrefabInstance: {fileID: 7592739306380714026}
  m_PrefabAsset: {fileID: 0}
--- !u!1001 &9014879913608051281
PrefabInstance:
  m_ObjectHideFlags: 0
  serializedVersion: 2
  m_Modification:
    m_TransformParent: {fileID: 4918302631699148570}
    m_Modifications:
    - target: {fileID: 4132646033368536790, guid: 4cef52f317e1342d2980188296122688,
        type: 3}
      propertyPath: m_LocalPosition.x
      value: 0
      objectReference: {fileID: 0}
    - target: {fileID: 4132646033368536790, guid: 4cef52f317e1342d2980188296122688,
        type: 3}
      propertyPath: m_LocalPosition.y
      value: 0
      objectReference: {fileID: 0}
    - target: {fileID: 4132646033368536790, guid: 4cef52f317e1342d2980188296122688,
        type: 3}
      propertyPath: m_LocalPosition.z
      value: 0
      objectReference: {fileID: 0}
    - target: {fileID: 4132646033368536790, guid: 4cef52f317e1342d2980188296122688,
        type: 3}
      propertyPath: m_LocalRotation.x
      value: 0
      objectReference: {fileID: 0}
    - target: {fileID: 4132646033368536790, guid: 4cef52f317e1342d2980188296122688,
        type: 3}
      propertyPath: m_LocalRotation.y
      value: 0
      objectReference: {fileID: 0}
    - target: {fileID: 4132646033368536790, guid: 4cef52f317e1342d2980188296122688,
        type: 3}
      propertyPath: m_LocalRotation.z
      value: 0
      objectReference: {fileID: 0}
    - target: {fileID: 4132646033368536790, guid: 4cef52f317e1342d2980188296122688,
        type: 3}
      propertyPath: m_LocalRotation.w
      value: 1
      objectReference: {fileID: 0}
    - target: {fileID: 4132646033368536790, guid: 4cef52f317e1342d2980188296122688,
        type: 3}
      propertyPath: m_RootOrder
      value: 1
      objectReference: {fileID: 0}
    - target: {fileID: 4132646033368536790, guid: 4cef52f317e1342d2980188296122688,
        type: 3}
      propertyPath: m_LocalEulerAnglesHint.x
      value: 0
      objectReference: {fileID: 0}
    - target: {fileID: 4132646033368536790, guid: 4cef52f317e1342d2980188296122688,
        type: 3}
      propertyPath: m_LocalEulerAnglesHint.y
      value: 0
      objectReference: {fileID: 0}
    - target: {fileID: 4132646033368536790, guid: 4cef52f317e1342d2980188296122688,
        type: 3}
      propertyPath: m_LocalEulerAnglesHint.z
      value: 0
      objectReference: {fileID: 0}
    - target: {fileID: 4132646033368536790, guid: 4cef52f317e1342d2980188296122688,
        type: 3}
      propertyPath: m_AnchoredPosition.x
      value: -60
      objectReference: {fileID: 0}
    - target: {fileID: 4132646033368536790, guid: 4cef52f317e1342d2980188296122688,
        type: 3}
      propertyPath: m_AnchoredPosition.y
      value: 240
      objectReference: {fileID: 0}
    - target: {fileID: 4132646033368536790, guid: 4cef52f317e1342d2980188296122688,
        type: 3}
      propertyPath: m_SizeDelta.x
      value: 100
      objectReference: {fileID: 0}
    - target: {fileID: 4132646033368536790, guid: 4cef52f317e1342d2980188296122688,
        type: 3}
      propertyPath: m_SizeDelta.y
      value: 100
      objectReference: {fileID: 0}
    - target: {fileID: 4132646033368536790, guid: 4cef52f317e1342d2980188296122688,
        type: 3}
      propertyPath: m_AnchorMin.x
      value: 1
      objectReference: {fileID: 0}
    - target: {fileID: 4132646033368536790, guid: 4cef52f317e1342d2980188296122688,
        type: 3}
      propertyPath: m_AnchorMin.y
      value: 0
      objectReference: {fileID: 0}
    - target: {fileID: 4132646033368536790, guid: 4cef52f317e1342d2980188296122688,
        type: 3}
      propertyPath: m_AnchorMax.x
      value: 1
      objectReference: {fileID: 0}
    - target: {fileID: 4132646033368536790, guid: 4cef52f317e1342d2980188296122688,
        type: 3}
      propertyPath: m_AnchorMax.y
      value: 0
      objectReference: {fileID: 0}
    - target: {fileID: 4132646033368536790, guid: 4cef52f317e1342d2980188296122688,
        type: 3}
      propertyPath: m_Pivot.x
      value: 0.5
      objectReference: {fileID: 0}
    - target: {fileID: 4132646033368536790, guid: 4cef52f317e1342d2980188296122688,
        type: 3}
      propertyPath: m_Pivot.y
      value: 0.5
      objectReference: {fileID: 0}
    - target: {fileID: 4132646033368536809, guid: 4cef52f317e1342d2980188296122688,
        type: 3}
      propertyPath: m_Name
      value: UsedSpells
      objectReference: {fileID: 0}
    m_RemovedComponents:
    - {fileID: 4132646033368536789, guid: 4cef52f317e1342d2980188296122688, type: 3}
    - {fileID: 4132646033368536788, guid: 4cef52f317e1342d2980188296122688, type: 3}
  m_SourcePrefab: {fileID: 100100000, guid: 4cef52f317e1342d2980188296122688, type: 3}
--- !u!224 &4918302631194176647 stripped
RectTransform:
  m_CorrespondingSourceObject: {fileID: 4132646033368536790, guid: 4cef52f317e1342d2980188296122688,
    type: 3}
  m_PrefabInstance: {fileID: 9014879913608051281}
  m_PrefabAsset: {fileID: 0}
